<?xml version="1.0" encoding="UTF-8"?><collection xmlns="http://www.loc.gov/MARC21/slim"><record><leader>00429nam--2200133-i-4500</leader><controlfield tag="001">000046269</controlfield><controlfield tag="002">20161230</controlfield><controlfield tag="005">20161230201045</controlfield><controlfield tag="008">060222s1000------------r-----000-0-eng-d</controlfield><datafield ind1=" " ind2=" " tag="100"><subfield code="a">Van Zolingen, J.J., Kersten, J.A.H., Went, J.J</subfield></datafield><datafield ind1=" " ind2=" " tag="245"><subfield code="a">Physical aspects of an aqueous homogeneous suspension reactor</subfield></datafield><datafield ind1=" " ind2=" " tag="260"><subfield code="a">Arnhem, N.V.Kema, 1961, 17p</subfield></datafield><datafield ind1=" " ind2=" " tag="490"><subfield code="a">Symposium On Power Reactor Experiments, Vienna, Oct.1961</subfield></datafield><datafield ind1=" " ind2=" " tag="852"><subfield code="a">21557</subfield></datafield></record></collection>